@PREAMBLE{
 "\providecommand{\noopsort}[1]{}" 
 # "\providecommand{\singleletter}[1]{#1}%" 
}

@ARTICLE{ashkin,
   author       = "Arthur Ashkin",
   title        = "Acceleration and Trapping of Particles by Radiation Pressure",
   year         = "1970",
   journal      = "Physical Review Letters",
   volume       = "24",
}

@ARTICLE{NIR,
    author = {Allan Raudsepp and Lisa M. Kent and Simon B. Hall and Martin A.K. Williams},
    title = {Overstretching partially alkyne functionalized dsDNA using near infrared optical tweezers},
    year = {2018},
    journal = {Biochemical and Biophysical Research Communications},
    volume = {496},
    number = {3},
}

@ARTICLE{tut,
   author = {Jan Gieseler and Juan Ruben Gomez-Solano and Alessandro Magazz\`{u} and Isaac P\'{e}rez Castillo and Laura P\'{e}rez Garc\'{i}a and Marta Gironella-Torrent and Xavier Viader-Godoy and Felix Ritort and Giuseppe Pesce and Alejandro V. Arzola and Karen Volke-Sep\'{u}lveda and     Giovanni Volpe},
    title = {Optical Tweezers: A Comprehensive Tutorial from Calibration to Applications},
    year = {2020},
    journal = {Adv. Opt. Photon.},
    volume = {13},
    number = {1},
}

@article{overstretching,
    author = {Steven B. Smith and Yujia Cui and Carlos Bustamante},
    title = {Overstretching B-DNA: The Elastic Response of Individual Double-Stranded and Single-Stranded DNA Molecules},
    year = {1996},
    journal = {Science},
    volume = {271},
    number = {5250},
    publisher = {American Association for the Advancement of Science},
}

@article{brownian,
 author = {Lu, Dasheng and Gámez, Francisco and Haro-González, Patricia},
 title = {Temperature Effects on Optical Trapping Stability},
 year = {2021},
 journal = {Micromachines},
 volume = {12},
 number = {8},
 publisher = {American Association for the Advancement of Science},
}

@article{extensible,
 author = {Philippe Cluzel and Anne Lebrun and Christoph Heller and Richard Lavery and Jean-Louis Viovy and Didier Chatenay and François Caron},
 title = {DNA: An Extensible Molecule},
 year = {1996},
 journal = {Science},
 volume = {271},
 number = {5250},
 publisher = {American Association for the Advancement of Science},
}

@misc{ot,
author = {J. Ricardo Arias-Gonzalez},
title = {Optical Tweezers},
publisher = {Optical Nanomanipulation Lab},
url = {http://www.ariasgonzalez.com/onm---optical-tweezers.html},
}

@article{neuro,
 author = {Lenton, Isaac C. D. and Scott, Ethan K. and Rubinsztein-Dunlop, Halina and Favre-Bulle, Itia A.},
 title = {Optical Tweezers Exploring Neuroscience},
 year = {2020},
 journal = {Frontiers in Bioengineering and Biotechnology},
 volume = {8},
}

@misc{NA,
author = {Michael W. Davidson},
title = {Numerical Aperture},
publisher = {Nikon MicroscopyU},
url = {https://www.microscopyu.com/microscopy-basics/numerical-aperture},
}

@article{cooling,
 author = {Arthur Ashkin},
 title = {Optical trapping and manipulation of neutral particles using lasers},
 year = {1997},
 journal = {Proc Natl Acad Sci USA},
}